[gd_scene load_steps=31 format=2]

[ext_resource path="res://cenas_puzzle/TipZone_Puzzle02.gd" type="Script" id=1]
[ext_resource path="res://cenas_puzzle/Puzzle_4.gd" type="Script" id=2]
[ext_resource path="res://cenas_puzzle/physics_box/Area_de_caixa1.tscn" type="PackedScene" id=3]
[ext_resource path="res://Key_Scene.tscn" type="PackedScene" id=4]
[ext_resource path="res://cenas_puzzle/physics_box/PhysicsBox.tscn" type="PackedScene" id=5]
[ext_resource path="res://cenas_puzzle/physics_box/PhysicsBox2.tscn" type="PackedScene" id=6]
[ext_resource path="res://cenas_puzzle/physics_box/PhysicsBox4.tscn" type="PackedScene" id=7]
[ext_resource path="res://cenas_puzzle/physics_box/Area_de_caixa4.tscn" type="PackedScene" id=8]
[ext_resource path="res://cenas_puzzle/physics_box/Area_de_caixa3.tscn" type="PackedScene" id=9]
[ext_resource path="res://cenas_puzzle/physics_box/Area_de_caixa2.tscn" type="PackedScene" id=10]
[ext_resource path="res://cenas_puzzle/physics_box/PhysicsBox3.tscn" type="PackedScene" id=11]
[ext_resource path="res://Assets/sprites_puzzle/sokoban_tilesheet.png" type="Texture" id=12]
[ext_resource path="res://cenas_puzzle/Area_4.gd" type="Script" id=13]
[ext_resource path="res://cenas_puzzle/Area_2.gd" type="Script" id=14]
[ext_resource path="res://cenas_puzzle/Area_3.gd" type="Script" id=15]
[ext_resource path="res://cenas_puzzle/Area_1.gd" type="Script" id=16]

[sub_resource type="Shader" id=5]
code = "// original wind shader from https://github.com/Maujoe/godot-simple-wind-shader-2d/tree/master/assets/maujoe.simple_wind_shader_2d
// original script modified by HungryProton so that the assets are moving differently : https://pastebin.com/VL3AfV8D
//
// speed - The speed of the wind movement.
// minStrength - The minimal strength of the wind movement.
// maxStrength - The maximal strength of the wind movement.
// strengthScale - Scalefactor for the wind strength.
// interval - The time between minimal and maximal strength changes.
// detail - The detail (number of waves) of the wind movement.
// distortion - The strength of geometry distortion.
// heightOffset - The height where the wind begins to move. By default 0.0.

shader_type canvas_item;
render_mode blend_mix;

// Wind settings.
uniform float speed = 1.0;
uniform float minStrength : hint_range(0.0, 1.0) = 0.05;
uniform float maxStrength : hint_range(0.0, 1.0) = 0.01;
uniform float strengthScale = 100.0;
uniform float interval = 3.5;
uniform float detail = 1.0;
uniform float distortion : hint_range(0.0, 1.0);
uniform float heightOffset : hint_range(0.0, 1.0);

// With the offset value, you can if you want different moves for each asset. Just put a random value (1, 2, 3) in the editor. Don't forget to mark the material as unique if you use this
uniform float offset = 0; 


float getWind(vec2 vertex, vec2 uv, float time){
    float diff = pow(maxStrength - minStrength, 2.0);
    float strength = clamp(minStrength + diff + sin(time / interval) * diff, minStrength, maxStrength) * strengthScale;
    float wind = (sin(time) + cos(time * detail)) * strength * max(0.0, (1.0-uv.y) - heightOffset);
    
    return wind; 
}

void vertex() {
    vec4 pos = WORLD_MATRIX * vec4(0.0, 0.0, 0.0, 1.0);
    float time = TIME * speed + offset;
    //float time = TIME * speed + pos.x * pos.y  ; not working when moving...
    VERTEX.x += getWind(VERTEX.xy, UV, time);
}"

[sub_resource type="ShaderMaterial" id=6]
shader = SubResource( 5 )
shader_param/speed = 1.0
shader_param/minStrength = 0.05
shader_param/maxStrength = 0.01
shader_param/strengthScale = 100.0
shader_param/interval = 3.5
shader_param/detail = 1.0
shader_param/distortion = null
shader_param/heightOffset = null
shader_param/offset = 0.0

[sub_resource type="Shader" id=7]
code = "// original wind shader from https://github.com/Maujoe/godot-simple-wind-shader-2d/tree/master/assets/maujoe.simple_wind_shader_2d
// original script modified by HungryProton so that the assets are moving differently : https://pastebin.com/VL3AfV8D
//
// speed - The speed of the wind movement.
// minStrength - The minimal strength of the wind movement.
// maxStrength - The maximal strength of the wind movement.
// strengthScale - Scalefactor for the wind strength.
// interval - The time between minimal and maximal strength changes.
// detail - The detail (number of waves) of the wind movement.
// distortion - The strength of geometry distortion.
// heightOffset - The height where the wind begins to move. By default 0.0.

shader_type canvas_item;
render_mode blend_mix;

// Wind settings.
uniform float speed = 1.0;
uniform float minStrength : hint_range(0.0, 1.0) = 0.05;
uniform float maxStrength : hint_range(0.0, 1.0) = 0.01;
uniform float strengthScale = 100.0;
uniform float interval = 3.5;
uniform float detail = 1.0;
uniform float distortion : hint_range(0.0, 1.0);
uniform float heightOffset : hint_range(0.0, 1.0);

// With the offset value, you can if you want different moves for each asset. Just put a random value (1, 2, 3) in the editor. Don't forget to mark the material as unique if you use this
uniform float offset = 0; 


float getWind(vec2 vertex, vec2 uv, float time){
    float diff = pow(maxStrength - minStrength, 2.0);
    float strength = clamp(minStrength + diff + sin(time / interval) * diff, minStrength, maxStrength) * strengthScale;
    float wind = (sin(time) + cos(time * detail)) * strength * max(0.0, (1.0-uv.y) - heightOffset);
    
    return wind; 
}

void vertex() {
    vec4 pos = WORLD_MATRIX * vec4(0.0, 0.0, 0.0, 1.0);
    float time = TIME * speed + offset;
    //float time = TIME * speed + pos.x * pos.y  ; not working when moving...
    VERTEX.x += getWind(VERTEX.xy, UV, time);
}"

[sub_resource type="ShaderMaterial" id=8]
shader = SubResource( 7 )
shader_param/speed = 1.0
shader_param/minStrength = 0.05
shader_param/maxStrength = 0.01
shader_param/strengthScale = 100.0
shader_param/interval = 3.5
shader_param/detail = 1.0
shader_param/distortion = null
shader_param/heightOffset = null
shader_param/offset = 0.0

[sub_resource type="Shader" id=9]
code = "// original wind shader from https://github.com/Maujoe/godot-simple-wind-shader-2d/tree/master/assets/maujoe.simple_wind_shader_2d
// original script modified by HungryProton so that the assets are moving differently : https://pastebin.com/VL3AfV8D
//
// speed - The speed of the wind movement.
// minStrength - The minimal strength of the wind movement.
// maxStrength - The maximal strength of the wind movement.
// strengthScale - Scalefactor for the wind strength.
// interval - The time between minimal and maximal strength changes.
// detail - The detail (number of waves) of the wind movement.
// distortion - The strength of geometry distortion.
// heightOffset - The height where the wind begins to move. By default 0.0.

shader_type canvas_item;
render_mode blend_mix;

// Wind settings.
uniform float speed = 1.0;
uniform float minStrength : hint_range(0.0, 1.0) = 0.05;
uniform float maxStrength : hint_range(0.0, 1.0) = 0.01;
uniform float strengthScale = 100.0;
uniform float interval = 3.5;
uniform float detail = 1.0;
uniform float distortion : hint_range(0.0, 1.0);
uniform float heightOffset : hint_range(0.0, 1.0);

// With the offset value, you can if you want different moves for each asset. Just put a random value (1, 2, 3) in the editor. Don't forget to mark the material as unique if you use this
uniform float offset = 0; 


float getWind(vec2 vertex, vec2 uv, float time){
    float diff = pow(maxStrength - minStrength, 2.0);
    float strength = clamp(minStrength + diff + sin(time / interval) * diff, minStrength, maxStrength) * strengthScale;
    float wind = (sin(time) + cos(time * detail)) * strength * max(0.0, (1.0-uv.y) - heightOffset);
    
    return wind; 
}

void vertex() {
    vec4 pos = WORLD_MATRIX * vec4(0.0, 0.0, 0.0, 1.0);
    float time = TIME * speed + offset;
    //float time = TIME * speed + pos.x * pos.y  ; not working when moving...
    VERTEX.x += getWind(VERTEX.xy, UV, time);
}"

[sub_resource type="ShaderMaterial" id=10]
shader = SubResource( 9 )
shader_param/speed = 1.0
shader_param/minStrength = 0.05
shader_param/maxStrength = 0.01
shader_param/strengthScale = 100.0
shader_param/interval = 3.5
shader_param/detail = 1.0
shader_param/distortion = null
shader_param/heightOffset = null
shader_param/offset = 0.0

[sub_resource type="Shader" id=11]
code = "// original wind shader from https://github.com/Maujoe/godot-simple-wind-shader-2d/tree/master/assets/maujoe.simple_wind_shader_2d
// original script modified by HungryProton so that the assets are moving differently : https://pastebin.com/VL3AfV8D
//
// speed - The speed of the wind movement.
// minStrength - The minimal strength of the wind movement.
// maxStrength - The maximal strength of the wind movement.
// strengthScale - Scalefactor for the wind strength.
// interval - The time between minimal and maximal strength changes.
// detail - The detail (number of waves) of the wind movement.
// distortion - The strength of geometry distortion.
// heightOffset - The height where the wind begins to move. By default 0.0.

shader_type canvas_item;
render_mode blend_mix;

// Wind settings.
uniform float speed = 1.0;
uniform float minStrength : hint_range(0.0, 1.0) = 0.05;
uniform float maxStrength : hint_range(0.0, 1.0) = 0.01;
uniform float strengthScale = 100.0;
uniform float interval = 3.5;
uniform float detail = 1.0;
uniform float distortion : hint_range(0.0, 1.0);
uniform float heightOffset : hint_range(0.0, 1.0);

// With the offset value, you can if you want different moves for each asset. Just put a random value (1, 2, 3) in the editor. Don't forget to mark the material as unique if you use this
uniform float offset = 0; 


float getWind(vec2 vertex, vec2 uv, float time){
    float diff = pow(maxStrength - minStrength, 2.0);
    float strength = clamp(minStrength + diff + sin(time / interval) * diff, minStrength, maxStrength) * strengthScale;
    float wind = (sin(time) + cos(time * detail)) * strength * max(0.0, (1.0-uv.y) - heightOffset);
    
    return wind; 
}

void vertex() {
    vec4 pos = WORLD_MATRIX * vec4(0.0, 0.0, 0.0, 1.0);
    float time = TIME * speed + offset;
    //float time = TIME * speed + pos.x * pos.y  ; not working when moving...
    VERTEX.x += getWind(VERTEX.xy, UV, time);
}"

[sub_resource type="ShaderMaterial" id=12]
shader = SubResource( 11 )
shader_param/speed = 1.0
shader_param/minStrength = 0.05
shader_param/maxStrength = 0.01
shader_param/strengthScale = 100.0
shader_param/interval = 3.5
shader_param/detail = 1.0
shader_param/distortion = null
shader_param/heightOffset = null
shader_param/offset = 0.0

[sub_resource type="RectangleShape2D" id=17]
extents = Vector2( 31, 31 )

[sub_resource type="RectangleShape2D" id=13]
extents = Vector2( 108.097, 101.297 )

[sub_resource type="RectangleShape2D" id=14]
extents = Vector2( 108.097, 99.7145 )

[sub_resource type="RectangleShape2D" id=15]
extents = Vector2( 108.097, 101.297 )

[sub_resource type="RectangleShape2D" id=16]
extents = Vector2( 108.097, 101.297 )

[sub_resource type="RectangleShape2D" id=1]
extents = Vector2( 24, 27.406 )

[node name="Puzzle_4" type="Node2D"]
position = Vector2( 800, 488 )
script = ExtResource( 2 )

[node name="PhysicsBox" parent="." groups=[
"Box",
] instance=ExtResource( 5 )]
position = Vector2( -296, -184 )

[node name="Reflection" parent="PhysicsBox" index="1"]
visible = false

[node name="ReflectionCinza" type="Sprite" parent="PhysicsBox"]
material = SubResource( 6 )
position = Vector2( 0, 24 )
z_index = -1
texture = ExtResource( 12 )
region_enabled = true
region_rect = Rect2( 640, 64, 64, 64 )

[node name="ReflectionVermelho" type="Sprite" parent="PhysicsBox"]
visible = false
material = SubResource( 8 )
position = Vector2( 0, 24 )
z_index = -1
texture = ExtResource( 12 )
region_enabled = true
region_rect = Rect2( 448, 64, 64, 64 )

[node name="ReflectionVerde" type="Sprite" parent="PhysicsBox"]
visible = false
material = SubResource( 10 )
position = Vector2( 0, 24 )
z_index = -1
texture = ExtResource( 12 )
region_enabled = true
region_rect = Rect2( 576, 65, 64, 63 )

[node name="ReflectionAzul" type="Sprite" parent="PhysicsBox"]
visible = false
material = SubResource( 12 )
position = Vector2( 0, 24 )
z_index = -1
texture = ExtResource( 12 )
region_enabled = true
region_rect = Rect2( 512, 65, 64, 63 )

[node name="PhysicsBox2" parent="." groups=[
"Box",
] instance=ExtResource( 6 )]
position = Vector2( -259.631, -384 )

[node name="Sprite" parent="PhysicsBox2" index="0"]
visible = true
texture = ExtResource( 12 )
region_enabled = true

[node name="Reflection" parent="PhysicsBox2" index="1"]
visible = false

[node name="CollisionShape2D" parent="PhysicsBox2" index="2"]
shape = SubResource( 17 )

[node name="ReflectionCinza" type="Sprite" parent="PhysicsBox2"]
visible = false
material = SubResource( 6 )
position = Vector2( 0, 24 )
z_index = -1
texture = ExtResource( 12 )
region_enabled = true
region_rect = Rect2( 640, 64, 64, 64 )

[node name="ReflectionVermelho" type="Sprite" parent="PhysicsBox2"]
visible = false
material = SubResource( 8 )
position = Vector2( 0, 24 )
z_index = -1
texture = ExtResource( 12 )
region_enabled = true
region_rect = Rect2( 448, 64, 64, 64 )

[node name="ReflectionVerde" type="Sprite" parent="PhysicsBox2"]
material = SubResource( 10 )
position = Vector2( 0, 24 )
z_index = -1
texture = ExtResource( 12 )
region_enabled = true
region_rect = Rect2( 576, 65, 64, 63 )

[node name="ReflectionAzul" type="Sprite" parent="PhysicsBox2"]
visible = false
material = SubResource( 12 )
position = Vector2( 0, 24 )
z_index = -1
texture = ExtResource( 12 )
region_enabled = true
region_rect = Rect2( 512, 65, 64, 63 )

[node name="PhysicsBox3" parent="." groups=[
"Box",
] instance=ExtResource( 11 )]
position = Vector2( -488, -392.426 )

[node name="Sprite" parent="PhysicsBox3" index="0"]
visible = true
texture = ExtResource( 12 )
region_enabled = true

[node name="Reflection" parent="PhysicsBox3" index="1"]
visible = false
self_modulate = Color( 1, 1, 1, 1 )
region_rect = Rect2( 512, 65, 63, 63 )

[node name="CollisionShape2D" parent="PhysicsBox3" index="2"]
visible = true

[node name="ReflectionCinza" type="Sprite" parent="PhysicsBox3"]
visible = false
material = SubResource( 6 )
position = Vector2( 0, 24 )
z_index = -1
texture = ExtResource( 12 )
region_enabled = true
region_rect = Rect2( 640, 64, 64, 64 )

[node name="ReflectionVermelho" type="Sprite" parent="PhysicsBox3"]
visible = false
material = SubResource( 8 )
position = Vector2( 0, 24 )
z_index = -1
texture = ExtResource( 12 )
region_enabled = true
region_rect = Rect2( 448, 64, 64, 64 )

[node name="ReflectionVerde" type="Sprite" parent="PhysicsBox3"]
visible = false
material = SubResource( 10 )
position = Vector2( 0, 24 )
z_index = -1
texture = ExtResource( 12 )
region_enabled = true
region_rect = Rect2( 576, 65, 64, 63 )

[node name="ReflectionAzul" type="Sprite" parent="PhysicsBox3"]
material = SubResource( 12 )
position = Vector2( 0, 24 )
z_index = -1
texture = ExtResource( 12 )
region_enabled = true
region_rect = Rect2( 512, 65, 64, 63 )

[node name="PhysicsBox4" parent="." groups=[
"Box",
] instance=ExtResource( 7 )]
position = Vector2( -512, -192 )

[node name="Reflection" parent="PhysicsBox4" index="1"]
visible = false
self_modulate = Color( 1, 1, 1, 1 )
region_rect = Rect2( 447, 64, 65, 64 )

[node name="CollisionShape2D" parent="PhysicsBox4" index="2"]
visible = true

[node name="ReflectionCinza" type="Sprite" parent="PhysicsBox4"]
visible = false
material = SubResource( 6 )
position = Vector2( 0, 24 )
z_index = -1
texture = ExtResource( 12 )
region_enabled = true
region_rect = Rect2( 640, 64, 64, 64 )

[node name="ReflectionVermelho" type="Sprite" parent="PhysicsBox4"]
material = SubResource( 8 )
position = Vector2( 0, 24 )
z_index = -1
texture = ExtResource( 12 )
region_enabled = true
region_rect = Rect2( 448, 64, 64, 64 )

[node name="ReflectionVerde" type="Sprite" parent="PhysicsBox4"]
visible = false
material = SubResource( 10 )
position = Vector2( 0, 24 )
z_index = -1
texture = ExtResource( 12 )
region_enabled = true
region_rect = Rect2( 576, 65, 64, 63 )

[node name="ReflectionAzul" type="Sprite" parent="PhysicsBox4"]
visible = false
material = SubResource( 12 )
position = Vector2( 0, 24 )
z_index = -1
texture = ExtResource( 12 )
region_enabled = true
region_rect = Rect2( 512, 65, 64, 63 )

[node name="Area_de_caixa4" parent="." instance=ExtResource( 8 )]
position = Vector2( -416, -384 )
scale = Vector2( 0.370039, 0.315902 )

[node name="Area_4" type="Area2D" parent="Area_de_caixa4"]
script = ExtResource( 13 )

[node name="CollisionShape2D" type="CollisionShape2D" parent="Area_de_caixa4/Area_4"]
shape = SubResource( 13 )

[node name="Area_de_caixa3" parent="." instance=ExtResource( 9 )]
position = Vector2( -416, -128.5 )
scale = Vector2( 0.370039, 0.315902 )

[node name="Area_3" type="Area2D" parent="Area_de_caixa3"]
script = ExtResource( 15 )

[node name="CollisionShape2D" type="CollisionShape2D" parent="Area_de_caixa3/Area_3"]
shape = SubResource( 14 )

[node name="Area_de_caixa2" parent="." instance=ExtResource( 10 )]
position = Vector2( -224, -256 )
scale = Vector2( 0.370039, 0.315902 )

[node name="Area_2" type="Area2D" parent="Area_de_caixa2"]
script = ExtResource( 14 )

[node name="CollisionShape2D" type="CollisionShape2D" parent="Area_de_caixa2/Area_2"]
shape = SubResource( 15 )

[node name="Area_de_caixa1" parent="." instance=ExtResource( 3 )]
position = Vector2( -608, -256 )
scale = Vector2( 0.370039, 0.315902 )

[node name="Area_1" type="Area2D" parent="Area_de_caixa1"]
script = ExtResource( 16 )

[node name="CollisionShape2D" type="CollisionShape2D" parent="Area_de_caixa1/Area_1"]
shape = SubResource( 16 )

[node name="Key02" parent="." instance=ExtResource( 4 )]
position = Vector2( -416, -216 )

[node name="TipZone" type="Area2D" parent="."]
position = Vector2( -696, -256 )
script = ExtResource( 1 )

[node name="CollisionShape2D" type="CollisionShape2D" parent="TipZone"]
shape = SubResource( 1 )

[connection signal="unlockKey2" from="." to="Key02" method="_on_Puzzle_02_unlockKey2"]
[connection signal="pressed4" from="Area_de_caixa4" to="." method="_on_Area_de_caixa4_pressed4"]
[connection signal="body_entered" from="Area_de_caixa4/Area_4" to="Area_de_caixa4/Area_4" method="_on_Area_4_body_entered"]
[connection signal="pressed3" from="Area_de_caixa3" to="." method="_on_Area_de_caixa3_pressed3"]
[connection signal="body_entered" from="Area_de_caixa3/Area_3" to="Area_de_caixa3/Area_3" method="_on_Area_3_body_entered"]
[connection signal="pressed2" from="Area_de_caixa2" to="." method="_on_Area_de_caixa2_pressed2"]
[connection signal="body_entered" from="Area_de_caixa2/Area_2" to="Area_de_caixa2/Area_2" method="_on_Area_2_body_entered"]
[connection signal="pressed1" from="Area_de_caixa1" to="." method="_on_Area_de_caixa1_pressed1"]
[connection signal="body_entered" from="Area_de_caixa1/Area_1" to="Area_de_caixa1/Area_1" method="_on_Area_1_body_entered"]
[connection signal="body_entered" from="TipZone" to="TipZone" method="_on_TipZone_body_entered"]
[connection signal="body_exited" from="TipZone" to="TipZone" method="_on_TipZone_body_exited"]

[editable path="PhysicsBox"]
[editable path="PhysicsBox2"]
[editable path="PhysicsBox3"]
[editable path="PhysicsBox4"]
