[gd_scene load_steps=60 format=2]

[ext_resource path="res://Assets/Atlas_Texture/UI/LifeBar_6.tres" type="Texture" id=1]
[ext_resource path="res://Assets/Atlas_Texture/UI/LifeBar_3.tres" type="Texture" id=2]
[ext_resource path="res://Assets/Atlas_Texture/UI/LifeBar_5.tres" type="Texture" id=3]
[ext_resource path="res://Assets/Atlas_Texture/UI/LifeBar_0.tres" type="Texture" id=4]
[ext_resource path="res://Assets/Atlas_Texture/UI/LifeBar_2.tres" type="Texture" id=5]
[ext_resource path="res://Assets/Atlas_Texture/UI/LifeBar_4.tres" type="Texture" id=6]
[ext_resource path="res://Assets/Atlas_Texture/UI/LifeBar_1.tres" type="Texture" id=7]
[ext_resource path="res://Boss.gd" type="Script" id=8]
[ext_resource path="res://Assets/BossAssets/SoundFX/mixkit-sword-slash-swoosh-1476.mp3" type="AudioStream" id=9]
[ext_resource path="res://Assets/BossAssets/SoundFX/mixkit-giant-monster-footstep-1974.wav" type="AudioStream" id=10]
[ext_resource path="res://Assets/BossAssets/SoundFX/mixkit-enemy-death-voice-3168.wav" type="AudioStream" id=11]
[ext_resource path="res://Assets/BossAssets/SoundFX/mixkit-monster-footstep-1975.wav" type="AudioStream" id=12]
[ext_resource path="res://Assets/Atlas_Texture/UI/LifeBar_7.tres" type="Texture" id=13]
[ext_resource path="res://Assets/BossAssets/Atlas/Dying/Dying_0.tres" type="Texture" id=15]
[ext_resource path="res://Assets/BossAssets/Atlas/Dying/Dying_3.tres" type="Texture" id=16]
[ext_resource path="res://Assets/BossAssets/Atlas/Dying/Dying_7.tres" type="Texture" id=17]
[ext_resource path="res://Assets/BossAssets/Atlas/Dying/Dying_5.tres" type="Texture" id=18]
[ext_resource path="res://Assets/BossAssets/Atlas/Dying/Dying_2.tres" type="Texture" id=19]
[ext_resource path="res://Assets/BossAssets/Atlas/Dying/Dying_1.tres" type="Texture" id=20]
[ext_resource path="res://Assets/BossAssets/Atlas/Dying/Dying_4.tres" type="Texture" id=21]
[ext_resource path="res://Assets/BossAssets/Atlas/Dying/Dying_6.tres" type="Texture" id=22]
[ext_resource path="res://Assets/BossAssets/Atlas/Dying/Dying_8.tres" type="Texture" id=23]
[ext_resource path="res://Assets/BossAssets/Atlas/Attacking/Attacking_0.tres" type="Texture" id=24]
[ext_resource path="res://Assets/BossAssets/Atlas/Attacking/Attacking_7.tres" type="Texture" id=25]
[ext_resource path="res://Assets/BossAssets/Atlas/Attacking/Attacking_5.tres" type="Texture" id=26]
[ext_resource path="res://Assets/BossAssets/Atlas/Attacking/Attacking_3.tres" type="Texture" id=27]
[ext_resource path="res://Assets/BossAssets/Atlas/Attacking/Attacking_4.tres" type="Texture" id=28]
[ext_resource path="res://Assets/BossAssets/Atlas/Attacking/Attacking_1.tres" type="Texture" id=29]
[ext_resource path="res://Assets/BossAssets/Atlas/Attacking/Attacking_2.tres" type="Texture" id=30]
[ext_resource path="res://Assets/BossAssets/Atlas/Damage/Damage_0.tres" type="Texture" id=31]
[ext_resource path="res://Assets/BossAssets/Atlas/Attacking/Attacking_14.tres" type="Texture" id=32]
[ext_resource path="res://Assets/BossAssets/Atlas/Attacking/Attacking_9.tres" type="Texture" id=33]
[ext_resource path="res://Assets/BossAssets/Atlas/Attacking/Attacking_8.tres" type="Texture" id=34]
[ext_resource path="res://Assets/BossAssets/Atlas/Attacking/Attacking_12.tres" type="Texture" id=35]
[ext_resource path="res://Assets/BossAssets/Atlas/Attacking/Attacking_15.tres" type="Texture" id=36]
[ext_resource path="res://Assets/BossAssets/Atlas/Attacking/Attacking_17.tres" type="Texture" id=37]
[ext_resource path="res://Assets/BossAssets/Atlas/Attacking/Attacking_10.tres" type="Texture" id=38]
[ext_resource path="res://Assets/BossAssets/Atlas/Attacking/Attacking_13.tres" type="Texture" id=39]
[ext_resource path="res://Assets/BossAssets/Atlas/Attacking/Attacking_16.tres" type="Texture" id=40]
[ext_resource path="res://Assets/BossAssets/Atlas/Attacking/Attacking_6.tres" type="Texture" id=41]
[ext_resource path="res://Assets/BossAssets/Atlas/Attacking/Attacking_11.tres" type="Texture" id=42]
[ext_resource path="res://Assets/BossAssets/Atlas/Walking/Walking_0.tres" type="Texture" id=43]
[ext_resource path="res://Assets/BossAssets/Atlas/Idle/Idle_0.tres" type="Texture" id=44]
[ext_resource path="res://Assets/BossAssets/Atlas/Walking/Walking_2.tres" type="Texture" id=45]
[ext_resource path="res://Assets/BossAssets/Atlas/Idle/Idle_1.tres" type="Texture" id=46]
[ext_resource path="res://Assets/BossAssets/Atlas/Walking/Walking_1.tres" type="Texture" id=47]
[ext_resource path="res://Assets/BossAssets/Atlas/Walking/Walking_3.tres" type="Texture" id=48]
[ext_resource path="res://Assets/BossAssets/Atlas/Idle/Idle_2.tres" type="Texture" id=49]

[sub_resource type="CapsuleShape2D" id=1]
radius = 62.4646
height = 66.0711

[sub_resource type="SpriteFrames" id=2]
animations = [ {
"frames": [ ExtResource( 44 ), ExtResource( 46 ), ExtResource( 49 ) ],
"loop": true,
"name": "Idle",
"speed": 5.0
}, {
"frames": [ ExtResource( 23 ) ],
"loop": true,
"name": "Dead",
"speed": 5.0
}, {
"frames": [ ExtResource( 24 ), ExtResource( 29 ), ExtResource( 30 ), ExtResource( 27 ), ExtResource( 28 ), ExtResource( 26 ), ExtResource( 41 ), ExtResource( 25 ), ExtResource( 34 ), ExtResource( 33 ), ExtResource( 38 ), ExtResource( 42 ), ExtResource( 35 ), ExtResource( 39 ), ExtResource( 32 ), ExtResource( 36 ), ExtResource( 40 ), ExtResource( 37 ) ],
"loop": true,
"name": "Attacking",
"speed": 5.0
}, {
"frames": [ ExtResource( 43 ), ExtResource( 47 ), ExtResource( 45 ), ExtResource( 48 ) ],
"loop": true,
"name": "Walking",
"speed": 5.0
}, {
"frames": [ ExtResource( 44 ), ExtResource( 31 ), ExtResource( 46 ) ],
"loop": true,
"name": "Damage",
"speed": 5.0
}, {
"frames": [ ExtResource( 15 ), ExtResource( 20 ), ExtResource( 19 ), ExtResource( 16 ), ExtResource( 21 ), ExtResource( 18 ), ExtResource( 22 ), ExtResource( 17 ), ExtResource( 23 ) ],
"loop": true,
"name": "Dying",
"speed": 3.0
} ]

[sub_resource type="Animation" id=3]
resource_name = "Attacking"
length = 1.6
loop = true
tracks/0/type = "value"
tracks/0/path = NodePath(".:animation")
tracks/0/interp = 1
tracks/0/loop_wrap = true
tracks/0/imported = false
tracks/0/enabled = true
tracks/0/keys = {
"times": PoolRealArray( 0 ),
"transitions": PoolRealArray( 1 ),
"update": 1,
"values": [ "Attacking" ]
}
tracks/1/type = "bezier"
tracks/1/path = NodePath(".:frame")
tracks/1/interp = 1
tracks/1/loop_wrap = true
tracks/1/imported = false
tracks/1/enabled = true
tracks/1/keys = {
"points": PoolRealArray( 1, -0.25, 0, 0.25, 0, 2, -0.25, 0, 0.25, 0, 3, -0.25, 0, 0.25, 0, 4, -0.25, 0, 0.25, 0, 5, -0.25, 0, 0.25, 0, 6, -0.25, 0, 0.25, 0, 7, -0.25, 0, 0.25, 0, 8, -0.25, 0, 0.25, 0, 9, -0.25, 0, 0.25, 0, 10, -0.25, 0, 0.25, 0, 11, -0.25, 0, 0.25, 0, 12, -0.25, 0, 0.25, 0, 13, -0.25, 0, 0.25, 0, 14, -0.25, 0, 0.25, 0, 15, -0.25, 0, 0.25, 0, 16, -0.25, 0, 0.25, 0, 17, -0.25, 0, 0.25, 0 ),
"times": PoolRealArray( 0, 0.1, 0.2, 0.3, 0.4, 0.5, 0.6, 0.7, 0.8, 0.9, 1, 1.1, 1.2, 1.3, 1.4, 1.5, 1.6 )
}
tracks/2/type = "value"
tracks/2/path = NodePath("../Detection_Area/CollisionShape2D:disabled")
tracks/2/interp = 1
tracks/2/loop_wrap = true
tracks/2/imported = false
tracks/2/enabled = true
tracks/2/keys = {
"times": PoolRealArray( 0, 0.9, 1.5 ),
"transitions": PoolRealArray( 1, 1, 1 ),
"update": 1,
"values": [ false, true, true ]
}
tracks/3/type = "value"
tracks/3/path = NodePath("../EnemyAttackArea/CollisionShape2D:disabled")
tracks/3/interp = 1
tracks/3/loop_wrap = true
tracks/3/imported = false
tracks/3/enabled = true
tracks/3/keys = {
"times": PoolRealArray( 0, 1.3, 1.5 ),
"transitions": PoolRealArray( 1, 1, 1 ),
"update": 1,
"values": [ true, false, true ]
}
tracks/4/type = "value"
tracks/4/path = NodePath("../HitBoxEnemy:disabled")
tracks/4/interp = 1
tracks/4/loop_wrap = true
tracks/4/imported = false
tracks/4/enabled = true
tracks/4/keys = {
"times": PoolRealArray( 0, 0.9, 1.5 ),
"transitions": PoolRealArray( 1, 1, 1 ),
"update": 1,
"values": [ false, true, false ]
}
tracks/5/type = "value"
tracks/5/path = NodePath("../Enemy_Slashing:playing")
tracks/5/interp = 1
tracks/5/loop_wrap = true
tracks/5/imported = false
tracks/5/enabled = true
tracks/5/keys = {
"times": PoolRealArray( 1.2, 1.6 ),
"transitions": PoolRealArray( 1, 1 ),
"update": 1,
"values": [ true, false ]
}

[sub_resource type="Animation" id=4]
resource_name = "Damage"
length = 0.3
loop = true
tracks/0/type = "value"
tracks/0/path = NodePath(".:animation")
tracks/0/interp = 1
tracks/0/loop_wrap = true
tracks/0/imported = false
tracks/0/enabled = true
tracks/0/keys = {
"times": PoolRealArray( 0 ),
"transitions": PoolRealArray( 1 ),
"update": 1,
"values": [ "Damage" ]
}
tracks/1/type = "bezier"
tracks/1/path = NodePath(".:frame")
tracks/1/interp = 1
tracks/1/loop_wrap = true
tracks/1/imported = false
tracks/1/enabled = true
tracks/1/keys = {
"points": PoolRealArray( 0, -0.25, 0, 0.25, 0, 1, -0.25, 0, 0.25, 0, 2, -0.25, 0, 0.25, 0 ),
"times": PoolRealArray( 0, 0.1, 0.2 )
}
tracks/2/type = "value"
tracks/2/path = NodePath("../Enemy_Dying:playing")
tracks/2/interp = 1
tracks/2/loop_wrap = true
tracks/2/imported = false
tracks/2/enabled = true
tracks/2/keys = {
"times": PoolRealArray( 0.1 ),
"transitions": PoolRealArray( 1 ),
"update": 1,
"values": [ false ]
}
tracks/3/type = "value"
tracks/3/path = NodePath("../Detection_Area/CollisionShape2D:disabled")
tracks/3/interp = 1
tracks/3/loop_wrap = true
tracks/3/imported = false
tracks/3/enabled = true
tracks/3/keys = {
"times": PoolRealArray( 0 ),
"transitions": PoolRealArray( 1 ),
"update": 1,
"values": [ false ]
}

[sub_resource type="Animation" id=5]
resource_name = "Dead"
loop = true
tracks/0/type = "value"
tracks/0/path = NodePath(".:animation")
tracks/0/interp = 1
tracks/0/loop_wrap = true
tracks/0/imported = false
tracks/0/enabled = true
tracks/0/keys = {
"times": PoolRealArray( 0 ),
"transitions": PoolRealArray( 1 ),
"update": 1,
"values": [ "Dead" ]
}
tracks/1/type = "bezier"
tracks/1/path = NodePath(".:frame")
tracks/1/interp = 1
tracks/1/loop_wrap = true
tracks/1/imported = false
tracks/1/enabled = true
tracks/1/keys = {
"points": PoolRealArray( 0, -0.25, 0, 0.25, 0 ),
"times": PoolRealArray( 0 )
}
tracks/2/type = "value"
tracks/2/path = NodePath("../HitBoxEnemy:disabled")
tracks/2/interp = 1
tracks/2/loop_wrap = true
tracks/2/imported = false
tracks/2/enabled = true
tracks/2/keys = {
"times": PoolRealArray( 0 ),
"transitions": PoolRealArray( 1 ),
"update": 1,
"values": [ true ]
}
tracks/3/type = "value"
tracks/3/path = NodePath("../Detection_Area/CollisionShape2D:disabled")
tracks/3/interp = 1
tracks/3/loop_wrap = true
tracks/3/imported = false
tracks/3/enabled = true
tracks/3/keys = {
"times": PoolRealArray( 0 ),
"transitions": PoolRealArray( 1 ),
"update": 1,
"values": [ true ]
}

[sub_resource type="Animation" id=6]
resource_name = "Dying"
length = 0.9
tracks/0/type = "value"
tracks/0/path = NodePath(".:animation")
tracks/0/interp = 1
tracks/0/loop_wrap = true
tracks/0/imported = false
tracks/0/enabled = true
tracks/0/keys = {
"times": PoolRealArray( 0 ),
"transitions": PoolRealArray( 1 ),
"update": 1,
"values": [ "Dying" ]
}
tracks/1/type = "value"
tracks/1/path = NodePath("../EnemyAttackArea/CollisionShape2D:disabled")
tracks/1/interp = 1
tracks/1/loop_wrap = true
tracks/1/imported = false
tracks/1/enabled = true
tracks/1/keys = {
"times": PoolRealArray( 0 ),
"transitions": PoolRealArray( 1 ),
"update": 1,
"values": [ true ]
}
tracks/2/type = "value"
tracks/2/path = NodePath("../HitBoxEnemy:disabled")
tracks/2/interp = 1
tracks/2/loop_wrap = true
tracks/2/imported = false
tracks/2/enabled = true
tracks/2/keys = {
"times": PoolRealArray( 0 ),
"transitions": PoolRealArray( 1 ),
"update": 1,
"values": [ true ]
}
tracks/3/type = "value"
tracks/3/path = NodePath("../Detection_Area/CollisionShape2D:disabled")
tracks/3/interp = 1
tracks/3/loop_wrap = true
tracks/3/imported = false
tracks/3/enabled = true
tracks/3/keys = {
"times": PoolRealArray( 0 ),
"transitions": PoolRealArray( 1 ),
"update": 1,
"values": [ true ]
}
tracks/4/type = "bezier"
tracks/4/path = NodePath(".:frame")
tracks/4/interp = 1
tracks/4/loop_wrap = true
tracks/4/imported = false
tracks/4/enabled = true
tracks/4/keys = {
"points": PoolRealArray( 0, -0.25, 0, 0.25, 0, 1, -0.25, 0, 0.25, 0, 2, -0.25, 0, 0.25, 0, 3, -0.25, 0, 0.25, 0, 4, -0.25, 0, 0.25, 0, 5, -0.25, 0, 0.25, 0, 6, -0.25, 0, 0.25, 0, 7, -0.25, 0, 0.25, 0, 8, -0.25, 0, 0.25, 0, 8, -0.25, 0, 0.25, 0 ),
"times": PoolRealArray( 0, 0.1, 0.2, 0.3, 0.4, 0.5, 0.6, 0.7, 0.8, 0.9 )
}
tracks/5/type = "value"
tracks/5/path = NodePath("../Enemy_Walking2:playing")
tracks/5/interp = 1
tracks/5/loop_wrap = true
tracks/5/imported = false
tracks/5/enabled = true
tracks/5/keys = {
"times": PoolRealArray( 0.1 ),
"transitions": PoolRealArray( 1 ),
"update": 1,
"values": [ true ]
}

[sub_resource type="Animation" id=7]
resource_name = "Idle"
length = 0.5
loop = true
tracks/0/type = "value"
tracks/0/path = NodePath(".:animation")
tracks/0/interp = 1
tracks/0/loop_wrap = true
tracks/0/imported = false
tracks/0/enabled = true
tracks/0/keys = {
"times": PoolRealArray( 0 ),
"transitions": PoolRealArray( 1 ),
"update": 1,
"values": [ "Idle" ]
}
tracks/1/type = "value"
tracks/1/path = NodePath("../HitBoxEnemy:disabled")
tracks/1/interp = 1
tracks/1/loop_wrap = true
tracks/1/imported = false
tracks/1/enabled = true
tracks/1/keys = {
"times": PoolRealArray( 0 ),
"transitions": PoolRealArray( 1 ),
"update": 1,
"values": [ false ]
}
tracks/2/type = "bezier"
tracks/2/path = NodePath(".:frame")
tracks/2/interp = 1
tracks/2/loop_wrap = true
tracks/2/imported = false
tracks/2/enabled = true
tracks/2/keys = {
"points": PoolRealArray( 1, -0.25, 0, 0.25, 0, 2, -0.25, 0, 0.25, 0, 2, -0.25, 0, 0.25, 0, 0, -0.25, 0, 0.25, 0, 0, -0.25, 0, 0.25, 0 ),
"times": PoolRealArray( 0, 0.1, 0.2, 0.3, 0.4 )
}
tracks/3/type = "value"
tracks/3/path = NodePath("../Detection_Area/CollisionShape2D:disabled")
tracks/3/interp = 1
tracks/3/loop_wrap = true
tracks/3/imported = false
tracks/3/enabled = true
tracks/3/keys = {
"times": PoolRealArray( 0 ),
"transitions": PoolRealArray( 1 ),
"update": 1,
"values": [ false ]
}

[sub_resource type="Animation" id=8]
resource_name = "Walking"
length = 0.7
loop = true
tracks/0/type = "value"
tracks/0/path = NodePath(".:animation")
tracks/0/interp = 1
tracks/0/loop_wrap = true
tracks/0/imported = false
tracks/0/enabled = true
tracks/0/keys = {
"times": PoolRealArray( 0 ),
"transitions": PoolRealArray( 1 ),
"update": 1,
"values": [ "Walking" ]
}
tracks/1/type = "bezier"
tracks/1/path = NodePath(".:frame")
tracks/1/interp = 1
tracks/1/loop_wrap = true
tracks/1/imported = false
tracks/1/enabled = true
tracks/1/keys = {
"points": PoolRealArray( 0, -0.25, 0, 0.25, 0, 1, -0.25, 0, 0.25, 0, 2, -0.25, 0, 0.25, 0, 3, -0.25, 0, 0.25, 0 ),
"times": PoolRealArray( 0, 0.2, 0.4, 0.6 )
}
tracks/2/type = "value"
tracks/2/path = NodePath("../Enemy_Walking:playing")
tracks/2/interp = 1
tracks/2/loop_wrap = true
tracks/2/imported = false
tracks/2/enabled = true
tracks/2/keys = {
"times": PoolRealArray( 0, 0.4 ),
"transitions": PoolRealArray( 1, 1 ),
"update": 1,
"values": [ true, false ]
}
tracks/3/type = "value"
tracks/3/path = NodePath("../Enemy_Walking2:playing")
tracks/3/interp = 1
tracks/3/loop_wrap = true
tracks/3/imported = false
tracks/3/enabled = true
tracks/3/keys = {
"times": PoolRealArray( 0.2, 0.6 ),
"transitions": PoolRealArray( 1, 1 ),
"update": 1,
"values": [ true, true ]
}
tracks/4/type = "value"
tracks/4/path = NodePath("../Detection_Area/CollisionShape2D:disabled")
tracks/4/interp = 1
tracks/4/loop_wrap = true
tracks/4/imported = false
tracks/4/enabled = true
tracks/4/keys = {
"times": PoolRealArray( 0 ),
"transitions": PoolRealArray( 1 ),
"update": 1,
"values": [ false ]
}
tracks/5/type = "value"
tracks/5/path = NodePath("../HitBoxEnemy:disabled")
tracks/5/interp = 1
tracks/5/loop_wrap = true
tracks/5/imported = false
tracks/5/enabled = true
tracks/5/keys = {
"times": PoolRealArray( 0 ),
"transitions": PoolRealArray( 1 ),
"update": 1,
"values": [ false ]
}

[sub_resource type="RectangleShape2D" id=9]
extents = Vector2( 133.483, 79.6017 )

[sub_resource type="CircleShape2D" id=10]
radius = 318.71

[sub_resource type="SpriteFrames" id=11]
animations = [ {
"frames": [ ExtResource( 1 ), ExtResource( 3 ), ExtResource( 6 ), ExtResource( 2 ), ExtResource( 5 ), ExtResource( 7 ), ExtResource( 4 ) ],
"loop": true,
"name": "LifeBar Deminished",
"speed": 5.0
}, {
"frames": [ ExtResource( 4 ) ],
"loop": true,
"name": "LifeBar_0",
"speed": 5.0
}, {
"frames": [ ExtResource( 7 ) ],
"loop": true,
"name": "LifeBar_1",
"speed": 5.0
}, {
"frames": [ ExtResource( 3 ) ],
"loop": true,
"name": "LifeBar_5",
"speed": 5.0
}, {
"frames": [ ExtResource( 1 ) ],
"loop": true,
"name": "LifeBar_6",
"speed": 5.0
}, {
"frames": [ ExtResource( 2 ) ],
"loop": true,
"name": "LifeBar_3",
"speed": 5.0
}, {
"frames": [ ExtResource( 5 ) ],
"loop": true,
"name": "LifeBar_2",
"speed": 5.0
}, {
"frames": [ ExtResource( 6 ) ],
"loop": true,
"name": "LifeBar_4",
"speed": 5.0
}, {
"frames": [ ExtResource( 13 ) ],
"loop": true,
"name": "LifeBar_SH",
"speed": 5.0
} ]

[node name="Inimigo" type="KinematicBody2D"]
script = ExtResource( 8 )

[node name="HitBoxEnemy" type="CollisionShape2D" parent="."]
position = Vector2( -11.1557, -3.45361 )
shape = SubResource( 1 )

[node name="AnimatedSprite" type="AnimatedSprite" parent="."]
frames = SubResource( 2 )
animation = "Attacking"
frame = 4

[node name="AnimationPlayer" type="AnimationPlayer" parent="AnimatedSprite"]
anims/Attacking = SubResource( 3 )
anims/Damage = SubResource( 4 )
anims/Dead = SubResource( 5 )
anims/Dying = SubResource( 6 )
anims/Idle = SubResource( 7 )
anims/Walking = SubResource( 8 )

[node name="EnemyAttackArea" type="Area2D" parent="."]

[node name="CollisionShape2D" type="CollisionShape2D" parent="EnemyAttackArea"]
position = Vector2( 8, -8 )
shape = SubResource( 9 )
disabled = true

[node name="Enemy_Slashing" type="AudioStreamPlayer2D" parent="."]
stream = ExtResource( 9 )

[node name="Detection_Area" type="Area2D" parent="."]

[node name="CollisionShape2D" type="CollisionShape2D" parent="Detection_Area"]
shape = SubResource( 10 )

[node name="Enemy_Walking" type="AudioStreamPlayer2D" parent="."]
stream = ExtResource( 12 )

[node name="Enemy_Walking2" type="AudioStreamPlayer2D" parent="."]
stream = ExtResource( 10 )

[node name="LifeBar" type="AnimatedSprite" parent="."]
position = Vector2( -5.61227, -112.123 )
scale = Vector2( 0.5, 0.2 )
z_index = 17
frames = SubResource( 11 )
animation = "LifeBar_SH"
playing = true

[node name="Enemy_Dying" type="AudioStreamPlayer2D" parent="."]
stream = ExtResource( 11 )

[node name="Enemy_Hurt" type="AudioStreamPlayer2D" parent="."]
stream = ExtResource( 11 )

[connection signal="area_entered" from="EnemyAttackArea" to="." method="_on_EnemyAttackArea_area_entered"]
[connection signal="body_entered" from="EnemyAttackArea" to="." method="_on_EnemyAttackArea_body_entered"]
[connection signal="body_entered" from="Detection_Area" to="." method="_on_Detection_Area_body_entered"]
