[gd_scene load_steps=47 format=2]

[ext_resource path="res://StarShining.tscn" type="PackedScene" id=1]
[ext_resource path="res://Planet.tscn" type="PackedScene" id=2]
[ext_resource path="res://Assets/Background Assets/BackGroundMountain.png" type="Texture" id=3]
[ext_resource path="res://Assets/Background Assets/Clouds.png" type="Texture" id=4]
[ext_resource path="res://Assets/Atlas_Texture/Planet/Planet_1.tres" type="Texture" id=5]
[ext_resource path="res://Assets/Atlas_Texture/Planet/Planet_5.tres" type="Texture" id=6]
[ext_resource path="res://Assets/Atlas_Texture/Planet/Planet_2.tres" type="Texture" id=7]
[ext_resource path="res://Assets/Atlas_Texture/Planet/Planet_3.tres" type="Texture" id=8]
[ext_resource path="res://Assets/Atlas_Texture/Planet/Planet_4.tres" type="Texture" id=9]
[ext_resource path="res://Assets/Atlas_Texture/Planet/Planet_12.tres" type="Texture" id=10]
[ext_resource path="res://Assets/Atlas_Texture/Planet/Planet_8.tres" type="Texture" id=11]
[ext_resource path="res://Assets/Atlas_Texture/Planet/Planet_18.tres" type="Texture" id=12]
[ext_resource path="res://Assets/Atlas_Texture/Planet/Planet_14.tres" type="Texture" id=13]
[ext_resource path="res://Assets/Atlas_Texture/Planet/Planet_24.tres" type="Texture" id=14]
[ext_resource path="res://Assets/Background Assets/Space_Background1.png" type="Texture" id=15]
[ext_resource path="res://Assets/Atlas_Texture/Planet/Planet_10.tres" type="Texture" id=16]
[ext_resource path="res://Assets/Atlas_Texture/Planet/Planet_17.tres" type="Texture" id=17]
[ext_resource path="res://Assets/Background Assets/Space_Background2.png" type="Texture" id=18]
[ext_resource path="res://Assets/Atlas_Texture/Planet/Planet_19.tres" type="Texture" id=19]
[ext_resource path="res://Assets/Atlas_Texture/Planet/Planet_6.tres" type="Texture" id=20]
[ext_resource path="res://Assets/Atlas_Texture/Planet/Planet_11.tres" type="Texture" id=21]
[ext_resource path="res://Assets/Atlas_Texture/Planet/Planet_25.tres" type="Texture" id=22]
[ext_resource path="res://Assets/Atlas_Texture/Planet/Planet_16.tres" type="Texture" id=23]
[ext_resource path="res://Assets/Atlas_Texture/Planet/Planet_22.tres" type="Texture" id=24]
[ext_resource path="res://Assets/Atlas_Texture/Planet/Planet_15.tres" type="Texture" id=25]
[ext_resource path="res://Assets/Atlas_Texture/Planet/Planet_7.tres" type="Texture" id=26]
[ext_resource path="res://Assets/Atlas_Texture/Planet/Planet_9.tres" type="Texture" id=27]
[ext_resource path="res://Assets/Atlas_Texture/Planet/Planet_20.tres" type="Texture" id=28]
[ext_resource path="res://Assets/Atlas_Texture/Planet/Planet_23.tres" type="Texture" id=29]
[ext_resource path="res://Assets/Atlas_Texture/Planet/Planet_13.tres" type="Texture" id=30]
[ext_resource path="res://Assets/Atlas_Texture/Planet/Planet_21.tres" type="Texture" id=31]
[ext_resource path="res://Assets/Tracks/304 Corridors of Time.mp3" type="AudioStream" id=32]
[ext_resource path="res://Assets/Atlas_Texture/UI/Button_Dialogue_Box/Buttom_Box.tres" type="Texture" id=33]
[ext_resource path="res://Assets/Atlas_Texture/UI/Button_Dialogue_Box/Exit_Buttom.tres" type="Texture" id=34]
[ext_resource path="res://Assets/Text/Text_Title.png" type="Texture" id=35]
[ext_resource path="res://Intro_Page.gd" type="Script" id=36]
[ext_resource path="res://Star_inner_1.gd" type="Script" id=37]
[ext_resource path="res://Assets/Background Assets/Mountains Background.png" type="Texture" id=38]

[sub_resource type="SpriteFrames" id=1]
animations = [ {
"frames": [ ExtResource( 5 ), ExtResource( 7 ), ExtResource( 8 ), ExtResource( 9 ), ExtResource( 6 ), ExtResource( 20 ), ExtResource( 26 ), ExtResource( 11 ), ExtResource( 27 ), ExtResource( 16 ), ExtResource( 21 ), ExtResource( 10 ), ExtResource( 30 ), ExtResource( 13 ), ExtResource( 25 ), ExtResource( 23 ), ExtResource( 17 ), ExtResource( 12 ), ExtResource( 19 ), ExtResource( 28 ), ExtResource( 31 ), ExtResource( 24 ), ExtResource( 29 ), ExtResource( 14 ), ExtResource( 22 ) ],
"loop": true,
"name": "Turning",
"speed": 5.0
} ]

[sub_resource type="Shader" id=2]
code = "shader_type canvas_item;

uniform vec4 in_color:hint_color;
uniform vec4 out_color:hint_color;

uniform float in_out:hint_range(0.,1.)=0.;

uniform float position:hint_range(-1.5,1.) = 0.856;
uniform vec2 size = vec2(16., 16.);

void fragment(){
    vec2 a = (1./SCREEN_PIXEL_SIZE) / size;
    
    vec2 uv=UV;
    uv *= a;
    
    vec2 i_uv = floor(uv);
    vec2 f_uv = fract(uv);
    
    float wave = max(0.,i_uv.x/(a.x) - position);
    
    vec2 center = f_uv*2.-1.;
    float circle = length(center);
    circle = 1. - step(wave,circle);
    
    vec4 color = mix(in_color, out_color, step(0.5, in_out));
    
    COLOR=vec4(circle) * color;
}"

[sub_resource type="ShaderMaterial" id=3]
shader = SubResource( 2 )
shader_param/in_color = null
shader_param/out_color = null
shader_param/in_out = 0.0
shader_param/position = 0.856
shader_param/size = Vector2( 16, 16 )

[sub_resource type="CanvasItemMaterial" id=4]
light_mode = 1

[sub_resource type="CanvasItemMaterial" id=5]
blend_mode = 1

[sub_resource type="CanvasItemMaterial" id=6]
blend_mode = 1

[sub_resource type="Animation" id=7]
resource_name = "Idle"
loop = true
tracks/0/type = "bezier"
tracks/0/path = NodePath("CanvasModulate:color:r")
tracks/0/interp = 1
tracks/0/loop_wrap = true
tracks/0/imported = false
tracks/0/enabled = true
tracks/0/keys = {
"points": PoolRealArray( 0.137255, -0.25, 0, 0.25, 0 ),
"times": PoolRealArray( 0 )
}
tracks/1/type = "bezier"
tracks/1/path = NodePath("CanvasModulate:color:g")
tracks/1/interp = 1
tracks/1/loop_wrap = true
tracks/1/imported = false
tracks/1/enabled = true
tracks/1/keys = {
"points": PoolRealArray( 0.176471, -0.25, 0, 0.25, 0 ),
"times": PoolRealArray( 0 )
}
tracks/2/type = "bezier"
tracks/2/path = NodePath("CanvasModulate:color:b")
tracks/2/interp = 1
tracks/2/loop_wrap = true
tracks/2/imported = false
tracks/2/enabled = true
tracks/2/keys = {
"points": PoolRealArray( 0.2, -0.25, 0, 0.25, 0 ),
"times": PoolRealArray( 0 )
}
tracks/3/type = "bezier"
tracks/3/path = NodePath("CanvasModulate:color:a")
tracks/3/interp = 1
tracks/3/loop_wrap = true
tracks/3/imported = false
tracks/3/enabled = true
tracks/3/keys = {
"points": PoolRealArray( 1, -0.25, 0, 0.25, 0 ),
"times": PoolRealArray( 0 )
}
tracks/4/type = "value"
tracks/4/path = NodePath("Intro_Track:autoplay")
tracks/4/interp = 1
tracks/4/loop_wrap = true
tracks/4/imported = false
tracks/4/enabled = true
tracks/4/keys = {
"times": PoolRealArray( 0 ),
"transitions": PoolRealArray( 1 ),
"update": 1,
"values": [ true ]
}

[sub_resource type="Animation" id=8]
resource_name = "Transition"
length = 3.0
tracks/0/type = "value"
tracks/0/path = NodePath("CanvasModulate:material")
tracks/0/interp = 1
tracks/0/loop_wrap = true
tracks/0/imported = false
tracks/0/enabled = true
tracks/0/keys = {
"times": PoolRealArray( 0 ),
"transitions": PoolRealArray( 1 ),
"update": 1,
"values": [ SubResource( 3 ) ]
}
tracks/1/type = "bezier"
tracks/1/path = NodePath("CanvasModulate:color:r")
tracks/1/interp = 1
tracks/1/loop_wrap = true
tracks/1/imported = false
tracks/1/enabled = true
tracks/1/keys = {
"points": PoolRealArray( 0.137255, -0.25, 0, 0.25, 0, 0, -0.25, 0, 0.25, 0 ),
"times": PoolRealArray( 0, 1.5 )
}
tracks/2/type = "bezier"
tracks/2/path = NodePath("CanvasModulate:color:g")
tracks/2/interp = 1
tracks/2/loop_wrap = true
tracks/2/imported = false
tracks/2/enabled = true
tracks/2/keys = {
"points": PoolRealArray( 0.176471, -0.25, 0, 0.25, 0, 0, -0.25, 0, 0.25, 0 ),
"times": PoolRealArray( 0, 1.5 )
}
tracks/3/type = "bezier"
tracks/3/path = NodePath("CanvasModulate:color:b")
tracks/3/interp = 1
tracks/3/loop_wrap = true
tracks/3/imported = false
tracks/3/enabled = true
tracks/3/keys = {
"points": PoolRealArray( 0.2, -0.25, 0, 0.25, 0, 0, -0.25, 0, 0.25, 0 ),
"times": PoolRealArray( 0, 1.5 )
}
tracks/4/type = "bezier"
tracks/4/path = NodePath("CanvasModulate:color:a")
tracks/4/interp = 1
tracks/4/loop_wrap = true
tracks/4/imported = false
tracks/4/enabled = true
tracks/4/keys = {
"points": PoolRealArray( 1, -0.25, 0, 0.25, 0, 1, -0.25, 0, 0.25, 0 ),
"times": PoolRealArray( 0, 1.5 )
}
tracks/5/type = "bezier"
tracks/5/path = NodePath("StarShining:self_modulate:r")
tracks/5/interp = 1
tracks/5/loop_wrap = true
tracks/5/imported = false
tracks/5/enabled = true
tracks/5/keys = {
"points": PoolRealArray( 1, -0.25, 0, 0.25, 0, 1, -0.25, 0, 0.25, 0, 1, -0.25, 0, 0.25, 0 ),
"times": PoolRealArray( 0, 0.2, 1.5 )
}
tracks/6/type = "bezier"
tracks/6/path = NodePath("StarShining:self_modulate:g")
tracks/6/interp = 1
tracks/6/loop_wrap = true
tracks/6/imported = false
tracks/6/enabled = true
tracks/6/keys = {
"points": PoolRealArray( 1, -0.25, 0, 0.25, 0, 1, -0.25, 0, 0.25, 0, 1, -0.25, 0, 0.25, 0 ),
"times": PoolRealArray( 0, 0.2, 1.5 )
}
tracks/7/type = "bezier"
tracks/7/path = NodePath("StarShining:self_modulate:b")
tracks/7/interp = 1
tracks/7/loop_wrap = true
tracks/7/imported = false
tracks/7/enabled = true
tracks/7/keys = {
"points": PoolRealArray( 1, -0.25, 0, 0.25, 0, 1, -0.25, 0, 0.25, 0, 1, -0.25, 0, 0.25, 0 ),
"times": PoolRealArray( 0, 0.2, 1.5 )
}
tracks/8/type = "bezier"
tracks/8/path = NodePath("StarShining:self_modulate:a")
tracks/8/interp = 1
tracks/8/loop_wrap = true
tracks/8/imported = false
tracks/8/enabled = true
tracks/8/keys = {
"points": PoolRealArray( 1, -0.25, 0, 0.25, 0, 1, -0.25, 0, 0.25, 0, 0, -0.25, 0, 0.25, 0 ),
"times": PoolRealArray( 0, 0.2, 1.5 )
}
tracks/9/type = "bezier"
tracks/9/path = NodePath("Moon:self_modulate:r")
tracks/9/interp = 1
tracks/9/loop_wrap = true
tracks/9/imported = false
tracks/9/enabled = true
tracks/9/keys = {
"points": PoolRealArray( 1, -0.25, 0, 0.25, 0, 1, -0.25, 0, 0.25, 0, 1, -0.25, 0, 0.25, 0 ),
"times": PoolRealArray( 0, 1.5, 2.5 )
}
tracks/10/type = "bezier"
tracks/10/path = NodePath("Moon:self_modulate:g")
tracks/10/interp = 1
tracks/10/loop_wrap = true
tracks/10/imported = false
tracks/10/enabled = true
tracks/10/keys = {
"points": PoolRealArray( 1, -0.25, 0, 0.25, 0, 1, -0.25, 0, 0.25, 0, 1, -0.25, 0, 0.25, 0 ),
"times": PoolRealArray( 0, 1.5, 2.5 )
}
tracks/11/type = "bezier"
tracks/11/path = NodePath("Moon:self_modulate:b")
tracks/11/interp = 1
tracks/11/loop_wrap = true
tracks/11/imported = false
tracks/11/enabled = true
tracks/11/keys = {
"points": PoolRealArray( 1, -0.25, 0, 0.25, 0, 1, -0.25, 0, 0.25, 0, 1, -0.25, 0, 0.25, 0 ),
"times": PoolRealArray( 0, 1.5, 2.5 )
}
tracks/12/type = "bezier"
tracks/12/path = NodePath("Moon:self_modulate:a")
tracks/12/interp = 1
tracks/12/loop_wrap = true
tracks/12/imported = false
tracks/12/enabled = true
tracks/12/keys = {
"points": PoolRealArray( 1, -0.25, 0, 0.25, 0, 1, -0.25, 0, 0.25, 0, 0, -0.25, 0, 0.25, 0 ),
"times": PoolRealArray( 0, 1.5, 2.5 )
}

[node name="Level" type="Node2D"]
position = Vector2( -161.732, -235.463 )
scale = Vector2( 1.44, 1.44 )
script = ExtResource( 36 )

[node name="Space_Background2" type="Sprite" parent="."]
position = Vector2( 590.549, 203.418 )
texture = ExtResource( 18 )

[node name="Space_Background1" type="Sprite" parent="."]
position = Vector2( 595.178, 195.418 )
scale = Vector2( 0.76, 0.76 )
texture = ExtResource( 15 )

[node name="Moon" parent="." instance=ExtResource( 2 )]
position = Vector2( 745.033, 323.418 )
scale = Vector2( 2.62427, 2.62427 )
frames = SubResource( 1 )
frame = 16

[node name="Clouds2" type="Sprite" parent="."]
position = Vector2( 625.388, 411.418 )
scale = Vector2( 1.06427, 1.06427 )
texture = ExtResource( 4 )

[node name="Clouds4" type="Sprite" parent="Clouds2"]
position = Vector2( -674.728, -15.0337 )
texture = ExtResource( 4 )

[node name="BackGroundMountain2" type="Sprite" parent="."]
position = Vector2( 512.314, 545.137 )
scale = Vector2( 0.343556, 0.343556 )
texture = ExtResource( 38 )

[node name="BackGroundMountain2" type="Sprite" parent="BackGroundMountain2"]
position = Vector2( 774.667, 93.9806 )
scale = Vector2( 0.807931, 0.807931 )
texture = ExtResource( 38 )

[node name="BackGroundMountain3" type="Sprite" parent="BackGroundMountain2"]
position = Vector2( -757.024, 111.191 )
scale = Vector2( 0.807931, 0.807931 )
texture = ExtResource( 38 )

[node name="BackGroundMountain" type="Sprite" parent="."]
visible = false
position = Vector2( -131.357, 611.418 )
scale = Vector2( 1.38427, 1.38427 )
texture = ExtResource( 3 )

[node name="BackGroundMountain2" type="Sprite" parent="BackGroundMountain"]
position = Vector2( 479.224, 0 )
texture = ExtResource( 3 )

[node name="BackGroundMountain3" type="Sprite" parent="BackGroundMountain"]
position = Vector2( 959.353, 0 )
texture = ExtResource( 3 )

[node name="BackGroundMountain4" type="Sprite" parent="BackGroundMountain"]
position = Vector2( 1063.38, 5.77924 )
texture = ExtResource( 3 )

[node name="BackGroundMountain5" type="Sprite" parent="BackGroundMountain"]
position = Vector2( 560.585, -5.77924 )
texture = ExtResource( 3 )

[node name="Clouds" type="Sprite" parent="."]
position = Vector2( 896.658, 433.538 )
scale = Vector2( 1.06427, 1.06427 )
texture = ExtResource( 4 )

[node name="Clouds3" type="Sprite" parent="Clouds"]
position = Vector2( -612.64, 9.28186 )
texture = ExtResource( 4 )

[node name="StarShining" parent="." instance=ExtResource( 1 )]
position = Vector2( 483.605, 312.148 )
scale = Vector2( 0.15999, 0.15999 )

[node name="Firefly innet 1" parent="StarShining" index="0"]
script = ExtResource( 37 )

[node name="StarShining3" parent="StarShining" instance=ExtResource( 1 )]
position = Vector2( 365.364, 55.9668 )

[node name="Firefly innet 1" parent="StarShining/StarShining3" index="0"]
script = ExtResource( 37 )

[node name="StarShining4" parent="StarShining" instance=ExtResource( 1 )]
position = Vector2( -263.47, -366.252 )

[node name="Firefly innet 1" parent="StarShining/StarShining4" index="0"]
script = ExtResource( 37 )

[node name="StarShining5" parent="StarShining" instance=ExtResource( 1 )]
position = Vector2( -162.592, 432.273 )

[node name="Firefly innet 1" parent="StarShining/StarShining5" index="0"]
script = ExtResource( 37 )

[node name="StarShining2" parent="StarShining" instance=ExtResource( 1 )]
position = Vector2( 299.063, -440.772 )
scale = Vector2( 1.50003, 1.50003 )

[node name="Firefly innet 1" parent="StarShining/StarShining2" index="0"]
script = ExtResource( 37 )

[node name="StarShining6" parent="StarShining" instance=ExtResource( 1 )]
position = Vector2( 165.286, -317.473 )
scale = Vector2( 1.50003, 1.50003 )

[node name="Firefly innet 1" parent="StarShining/StarShining6" index="0"]
script = ExtResource( 37 )

[node name="StarShining7" parent="StarShining" instance=ExtResource( 1 )]
position = Vector2( -698.514, -316.095 )
scale = Vector2( 1.50003, 1.50003 )

[node name="Firefly innet 1" parent="StarShining/StarShining7" index="0"]
script = ExtResource( 37 )

[node name="Firefly innet 2" parent="StarShining/StarShining7/Firefly innet 1" index="0"]
position = Vector2( 879.667, 133.108 )

[node name="Intro_Track" type="AudioStreamPlayer2D" parent="."]
stream = ExtResource( 32 )
volume_db = 20.0
autoplay = true

[node name="CanvasModulate" type="CanvasModulate" parent="."]
material = SubResource( 3 )
z_as_relative = false
color = Color( 0.137255, 0.176471, 0.2, 1 )

[node name="Text_Title" type="Sprite" parent="."]
material = SubResource( 4 )
position = Vector2( 461.239, 335.738 )
scale = Vector2( 0.416667, 0.416667 )
z_index = 2
z_as_relative = false
texture = ExtResource( 35 )

[node name="Camera2D" type="Camera2D" parent="."]
position = Vector2( 461.24, 346.849 )
current = true
zoom = Vector2( 0.7, 0.7 )

[node name="Play" type="Button" parent="Camera2D"]
material = SubResource( 5 )
anchor_left = -183.154
anchor_top = -392.124
anchor_right = -183.154
anchor_bottom = -392.124
margin_left = -213.249
margin_top = 53.2695
margin_right = -129.249
margin_bottom = 79.2695
icon = ExtResource( 33 )
flat = true
__meta__ = {
"_edit_use_anchors_": true
}

[node name="Exit" type="Button" parent="Camera2D"]
material = SubResource( 6 )
anchor_left = -183.154
anchor_top = -392.124
anchor_right = -183.154
anchor_bottom = -392.124
margin_left = -215.37
margin_top = 88.6248
margin_right = -131.37
margin_bottom = 114.625
icon = ExtResource( 34 )
flat = true
__meta__ = {
"_edit_use_anchors_": true
}

[node name="AnimationPlayer" type="AnimationPlayer" parent="."]
anims/Idle = SubResource( 7 )
anims/Transition = SubResource( 8 )

[connection signal="pressed" from="Camera2D/Play" to="." method="_on_Play_pressed"]
[connection signal="pressed" from="Camera2D/Exit" to="." method="_on_Exit_pressed"]

[editable path="StarShining"]
[editable path="StarShining/StarShining3"]
[editable path="StarShining/StarShining4"]
[editable path="StarShining/StarShining5"]
[editable path="StarShining/StarShining2"]
[editable path="StarShining/StarShining6"]
[editable path="StarShining/StarShining7"]
