[gd_scene load_steps=28 format=2]

[ext_resource path="res://Assets/Atlas_Texture/Planet/Planet_3.tres" type="Texture" id=1]
[ext_resource path="res://Assets/Atlas_Texture/Planet/Planet_4.tres" type="Texture" id=2]
[ext_resource path="res://Assets/Atlas_Texture/Planet/Planet_2.tres" type="Texture" id=3]
[ext_resource path="res://Assets/Atlas_Texture/Planet/Planet_1.tres" type="Texture" id=4]
[ext_resource path="res://Assets/Atlas_Texture/Planet/Planet_5.tres" type="Texture" id=5]
[ext_resource path="res://Assets/Atlas_Texture/Planet/Planet_16.tres" type="Texture" id=6]
[ext_resource path="res://Assets/Atlas_Texture/Planet/Planet_11.tres" type="Texture" id=7]
[ext_resource path="res://Assets/Atlas_Texture/Planet/Planet_12.tres" type="Texture" id=8]
[ext_resource path="res://Assets/Atlas_Texture/Planet/Planet_18.tres" type="Texture" id=9]
[ext_resource path="res://Assets/Atlas_Texture/Planet/Planet_6.tres" type="Texture" id=10]
[ext_resource path="res://Assets/Atlas_Texture/Planet/Planet_15.tres" type="Texture" id=11]
[ext_resource path="res://Assets/Atlas_Texture/Planet/Planet_17.tres" type="Texture" id=12]
[ext_resource path="res://Assets/Atlas_Texture/Planet/Planet_8.tres" type="Texture" id=13]
[ext_resource path="res://Assets/Atlas_Texture/Planet/Planet_13.tres" type="Texture" id=14]
[ext_resource path="res://Assets/Atlas_Texture/Planet/Planet_10.tres" type="Texture" id=15]
[ext_resource path="res://Assets/Atlas_Texture/Planet/Planet_9.tres" type="Texture" id=16]
[ext_resource path="res://Assets/Atlas_Texture/Planet/Planet_14.tres" type="Texture" id=17]
[ext_resource path="res://Assets/Atlas_Texture/Planet/Planet_7.tres" type="Texture" id=18]
[ext_resource path="res://Assets/Atlas_Texture/Planet/Planet_25.tres" type="Texture" id=19]
[ext_resource path="res://Assets/Atlas_Texture/Planet/Planet_20.tres" type="Texture" id=20]
[ext_resource path="res://Assets/Atlas_Texture/Planet/Planet_23.tres" type="Texture" id=21]
[ext_resource path="res://Assets/Atlas_Texture/Planet/Planet_22.tres" type="Texture" id=22]
[ext_resource path="res://Assets/Atlas_Texture/Planet/Planet_24.tres" type="Texture" id=23]
[ext_resource path="res://Assets/Atlas_Texture/Planet/Planet_19.tres" type="Texture" id=24]
[ext_resource path="res://Assets/Atlas_Texture/Planet/Planet_21.tres" type="Texture" id=25]
[ext_resource path="res://Light2.jpg" type="Texture" id=26]

[sub_resource type="SpriteFrames" id=1]
animations = [ {
"frames": [ ExtResource( 4 ), ExtResource( 3 ), ExtResource( 1 ), ExtResource( 2 ), ExtResource( 5 ), ExtResource( 10 ), ExtResource( 18 ), ExtResource( 13 ), ExtResource( 16 ), ExtResource( 15 ), ExtResource( 7 ), ExtResource( 8 ), ExtResource( 14 ), ExtResource( 17 ), ExtResource( 11 ), ExtResource( 6 ), ExtResource( 12 ), ExtResource( 9 ), ExtResource( 24 ), ExtResource( 20 ), ExtResource( 25 ), ExtResource( 22 ), ExtResource( 21 ), ExtResource( 23 ), ExtResource( 19 ) ],
"loop": true,
"name": "Turning",
"speed": 5.0
} ]

[node name="Node2D" type="AnimatedSprite"]
position = Vector2( 7.62939e-06, 0 )
scale = Vector2( 4.63115, 4.63115 )
frames = SubResource( 1 )
animation = "Turning"
frame = 17
playing = true

[node name="Light2D" type="Light2D" parent="."]
texture = ExtResource( 26 )
texture_scale = 1.2
color = Color( 0.537255, 0.815686, 0.552941, 1 )
energy = 2.0
shadow_enabled = true
shadow_gradient_length = 5.0
shadow_filter = 2
shadow_filter_smooth = 50.0
