[gd_scene load_steps=19 format=2]

[ext_resource path="res://Assets/Itens/Spikes/Atlas_Spike/Spike_0.tres" type="Texture" id=1]
[ext_resource path="res://Assets/Itens/Spikes/Atlas_Spike/Spike_4.tres" type="Texture" id=2]
[ext_resource path="res://Assets/Itens/Spikes/Atlas_Spike/Spike_5.tres" type="Texture" id=3]
[ext_resource path="res://Assets/Itens/Spikes/Atlas_Spike/Spike_10.tres" type="Texture" id=4]
[ext_resource path="res://Assets/Itens/Spikes/Atlas_Spike/Spike_11.tres" type="Texture" id=5]
[ext_resource path="res://Assets/Itens/Spikes/Atlas_Spike/Spike_12.tres" type="Texture" id=6]
[ext_resource path="res://Assets/Itens/Spikes/Atlas_Spike/Spike_7.tres" type="Texture" id=7]
[ext_resource path="res://Assets/Itens/Spikes/Atlas_Spike/Spike_13.tres" type="Texture" id=8]
[ext_resource path="res://Assets/Itens/Spikes/Atlas_Spike/Spike_2.tres" type="Texture" id=9]
[ext_resource path="res://Assets/Itens/Spikes/Atlas_Spike/Spike_1.tres" type="Texture" id=10]
[ext_resource path="res://Assets/Itens/Spikes/Atlas_Spike/Spike_6.tres" type="Texture" id=11]
[ext_resource path="res://Assets/Itens/Spikes/Atlas_Spike/Spike_9.tres" type="Texture" id=12]
[ext_resource path="res://Assets/Itens/Spikes/Atlas_Spike/Spike_8.tres" type="Texture" id=13]
[ext_resource path="res://Assets/Itens/Spikes/Atlas_Spike/Spike_3.tres" type="Texture" id=14]
[ext_resource path="res://Spikes.gd" type="Script" id=15]

[sub_resource type="SpriteFrames" id=1]
animations = [ {
"frames": [ ExtResource( 1 ), ExtResource( 10 ), ExtResource( 9 ), ExtResource( 14 ), ExtResource( 2 ), ExtResource( 3 ), ExtResource( 11 ), ExtResource( 7 ), ExtResource( 13 ), ExtResource( 12 ), ExtResource( 4 ), ExtResource( 5 ), ExtResource( 6 ), ExtResource( 8 ) ],
"loop": true,
"name": "Idle",
"speed": 10.0
} ]

[sub_resource type="RectangleShape2D" id=2]
extents = Vector2( 13.5385, 16 )

[sub_resource type="Animation" id=3]
length = 1.2
loop = true
tracks/0/type = "value"
tracks/0/path = NodePath(".:animation")
tracks/0/interp = 1
tracks/0/loop_wrap = true
tracks/0/imported = false
tracks/0/enabled = true
tracks/0/keys = {
"times": PoolRealArray( 0 ),
"transitions": PoolRealArray( 1 ),
"update": 1,
"values": [ "Idle" ]
}
tracks/1/type = "bezier"
tracks/1/path = NodePath(".:frame")
tracks/1/interp = 1
tracks/1/loop_wrap = true
tracks/1/imported = false
tracks/1/enabled = true
tracks/1/keys = {
"points": PoolRealArray( 1, -0.25, 0, 0.25, 0, 2, -0.25, 0, 0.25, 0, 3, -0.25, 0, 0.25, 0, 4, -0.25, 0, 0.25, 0, 5, -0.25, 0, 0.25, 0, 6, -0.25, 0, 0.25, 0, 7, -0.25, 0, 0.25, 0, 8, -0.25, 0, 0.25, 0, 9, -0.25, 0, 0.25, 0, 10, -0.25, 0, 0.25, 0, 11, -0.25, 0, 0.25, 0, 12, -0.25, 0, 0.25, 0, 13, -0.25, 0, 0.25, 0 ),
"times": PoolRealArray( 0, 0.1, 0.2, 0.3, 0.4, 0.5, 0.6, 0.7, 0.8, 0.9, 1, 1.1, 1.2 )
}
tracks/2/type = "bezier"
tracks/2/path = NodePath("Hurt_box:collision_layer")
tracks/2/interp = 1
tracks/2/loop_wrap = true
tracks/2/imported = false
tracks/2/enabled = true
tracks/2/keys = {
"points": PoolRealArray( 0, -0.25, 0, 0.25, 0 ),
"times": PoolRealArray( 0 )
}
tracks/3/type = "bezier"
tracks/3/path = NodePath("Hurt_box:collision_mask")
tracks/3/interp = 1
tracks/3/loop_wrap = true
tracks/3/imported = false
tracks/3/enabled = true
tracks/3/keys = {
"points": PoolRealArray( 0, -0.25, 0, 0.25, 0 ),
"times": PoolRealArray( 0 )
}
tracks/4/type = "value"
tracks/4/path = NodePath("Hurt_box/CollisionShape2D:disabled")
tracks/4/interp = 1
tracks/4/loop_wrap = true
tracks/4/imported = false
tracks/4/enabled = true
tracks/4/keys = {
"times": PoolRealArray( 0, 0.7, 1.1 ),
"transitions": PoolRealArray( 1, 1, 1 ),
"update": 1,
"values": [ true, false, true ]
}
tracks/5/type = "value"
tracks/5/path = NodePath("Hurt_box:space_override")
tracks/5/interp = 1
tracks/5/loop_wrap = true
tracks/5/imported = false
tracks/5/enabled = true
tracks/5/keys = {
"times": PoolRealArray( 0 ),
"transitions": PoolRealArray( 1 ),
"update": 1,
"values": [ 0 ]
}
tracks/6/type = "value"
tracks/6/path = NodePath("Hurt_box/CollisionShape2D:shape")
tracks/6/interp = 1
tracks/6/loop_wrap = true
tracks/6/imported = false
tracks/6/enabled = true
tracks/6/keys = {
"times": PoolRealArray( 0 ),
"transitions": PoolRealArray( 1 ),
"update": 1,
"values": [ SubResource( 2 ) ]
}
tracks/7/type = "value"
tracks/7/path = NodePath("Hurt_box/CollisionShape2D:position")
tracks/7/interp = 1
tracks/7/loop_wrap = true
tracks/7/imported = false
tracks/7/enabled = true
tracks/7/keys = {
"times": PoolRealArray( 0 ),
"transitions": PoolRealArray( 1 ),
"update": 0,
"values": [ Vector2( 0, -2.38419e-07 ) ]
}
tracks/8/type = "value"
tracks/8/path = NodePath("Hurt_box/CollisionShape2D:scale")
tracks/8/interp = 1
tracks/8/loop_wrap = true
tracks/8/imported = false
tracks/8/enabled = true
tracks/8/keys = {
"times": PoolRealArray( 0 ),
"transitions": PoolRealArray( 1 ),
"update": 0,
"values": [ Vector2( 1, 1 ) ]
}
tracks/9/type = "value"
tracks/9/path = NodePath("Hurt_box/CollisionShape2D:z_index")
tracks/9/interp = 1
tracks/9/loop_wrap = true
tracks/9/imported = false
tracks/9/enabled = true
tracks/9/keys = {
"times": PoolRealArray( 0 ),
"transitions": PoolRealArray( 1 ),
"update": 1,
"values": [ 0 ]
}

[node name="Spikes" type="Node2D"]
script = ExtResource( 15 )

[node name="Spikes_animation" type="AnimatedSprite" parent="."]
scale = Vector2( 6.5, 6.5 )
frames = SubResource( 1 )
animation = "Idle"
frame = 1

[node name="AnimationPlayer" type="AnimationPlayer" parent="Spikes_animation"]
anims/Idle = SubResource( 3 )

[node name="Hurt_box" type="Area2D" parent="Spikes_animation"]
collision_layer = 0
collision_mask = 0

[node name="CollisionShape2D" type="CollisionShape2D" parent="Spikes_animation/Hurt_box"]
position = Vector2( 0, -2.38419e-07 )
shape = SubResource( 2 )
disabled = true

[connection signal="area_entered" from="Spikes_animation/Hurt_box" to="." method="_on_Hurt_box_area_entered"]
[connection signal="body_entered" from="Spikes_animation/Hurt_box" to="." method="_on_Hurt_box_body_entered"]
